@ARTICLE{geller2006benchmark,
    author = {Geller, Sebastian and Krafczyk, Manfred and T{\"o}lke, Jonas and
        Turek, Stefan and Hron, Jaroslav},
    title = {Benchmark computations based on lattice-Boltzmann, finite element
        and finite volume methods for laminar flows},
    journal = {Computers \& Fluids},
    year = {2006},
    volume = {35},
    pages = {888--897},
    number = {8},
    publisher = {Elsevier}
}

@ARTICLE{He2002,
    author = {He, Xiaoyi and Doolen, Gary D},
    title = {Thermodynamic foundations of kinetic theory and lattice Boltzmann
        models for multiphase flows},
    journal = {Journal of Statistical Physics},
    year = {2002},
    volume = {107},
    pages = {309--328},
    number = {1-2},
    __markedentry = {[Fred:6]},
    owner = {Fred},
    publisher = {Springer},
    timestamp = {2013.05.16},
    url = {http://link.springer.com/article/10.1023/A%3A1014527108336}
}

@INPROCEEDINGS{pohl2004performance,
    author = {Pohl, Thomas and Deserno, Frank and Thurey, Nils and Rude, Ulrich
        and Lammers, Peter and Wellein, Gerhard and Zeiser, Thomas},
    title = {Performance evaluation of parallel large-scale lattice Boltzmann
        applications on three supercomputing architectures},
    booktitle = {Proceedings of the 2004 ACM/IEEE conference on Supercomputing},
    year = {2004},
    pages = {21},
    organization = {IEEE Computer Society}
}

@article{wang2005domain,
    title = {Domain-decomposition method for parallel lattice Boltzmann simulation of incompressible flow in porous media},
    author = {Wang, Junye and Zhang, Xiaoxian and Bengough, Anthony G. and Crawford, John W.},
    journal = {Phys. Rev. E},
    volume = {72},
    issue = {1},
    pages = {016706},
    numpages = {11},
    year = {2005},
    month = {Jul},
    doi = {10.1103/PhysRevE.72.016706},
    url = {http://link.aps.org/doi/10.1103/PhysRevE.72.016706},
    publisher = {American Physical Society}
}

@manual{cudaguide,
    title={NVIDIA CUDA C Programming Guide},
    organization={NVIDIA Corporation},
    year={2010}
}

@misc{gpuapp,
    author={NVIDIA},
    title={CUDA},
    howpublished={\url{http://cudazone.nvidia.cn/cuda-action-research-apps/}}
}

@inproceedings{chu2005moxi,
    title={MoXi: real-time ink dispersion in absorbent paper},
    author={Chu, Nelson S-H and Tai, Chiew-Lan},
    booktitle={ACM Transactions on Graphics (TOG)},
    volume={24},
    number={3},
    pages={504--511},
    year={2005},
    organization={ACM}
}

@inproceedings{liu2004real,
    title={Real-time 3D fluid simulation on GPU with complex obstacles},
    author={Liu, Youquan and Liu, Xuehui and Wu, Enhua},
    booktitle={Computer Graphics and Applications, 2004. PG 2004. Proceedings. 12th Pacific Conference on},
    pages={247--256},
    year={2004},
    organization={IEEE}
}

@inproceedings{fan2004gpu,
    title={GPU cluster for high performance computing},
    author={Fan, Zhe and Qiu, Feng and Kaufman, Arie and Yoakum-Stover, Suzanne},
    booktitle={Proceedings of the 2004 ACM/IEEE conference on Supercomputing},
    pages={47},
    year={2004},
    organization={IEEE Computer Society}
}

@article{zhu2006simulation,
    title={Simulation of miscible binary mixtures based on lattice Boltzmann method},
    author={Zhu, Hongbin and Liu, Xuehui and Liu, Youquan and Wu, Enhua},
    journal={Computer Animation and Virtual Worlds},
    volume={17},
    number={3-4},
    pages={403--410},
    year={2006},
    publisher={Wiley Online Library}
}

@article{zhao2006melting,
    title={Melting and flowing in multiphase environment},
    author={Zhao, Ye and Wang, Lujin and Qiu, Feng and Kaufman, Arie and Mueller, Klaus},
    journal={Computers \& Graphics},
    volume={30},
    number={4},
    pages={519--528},
    year={2006},
    publisher={Elsevier}
}

@article{wei2004lattice,
    title={Lattice-based flow field modeling},
    author={Wei, Xiaoming and Zhao, Ye and Fan, Zhe and Li, Wei and Qiu, Feng and Yoakum-Stover, Suzanne and Kaufman, Arie E},
    journal={Visualization and Computer Graphics, IEEE Transactions on},
    volume={10},
    number={6},
    pages={719--729},
    year={2004},
    publisher={IEEE}
}

@article{tolke2010implementation,
    title={Implementation of a Lattice Boltzmann kernel using the Compute Unified Device Architecture developed by nVIDIA},
    author={T{\"o}lke, Jonas},
    journal={Computing and Visualization in Science},
    volume={13},
    number={1},
    pages={29--39},
    year={2010},
    publisher={Springer}
}

@article{tolke2008teraflop,
    title={TeraFLOP computing on a desktop PC with GPUs for 3D CFD},
    author={T{\"o}lke, Jonas and Krafczyk, Manfred},
    journal={International Journal of Computational Fluid Dynamics},
    volume={22},
    number={7},
    pages={443--456},
    year={2008},
    publisher={Taylor \& Francis}
}

@article{obrecht2011multi,
    title={Multi-GPU implementation of the lattice Boltzmann method},
    author={Obrecht, Christian and Kuznik, Fr{\'e}d{\'e}ric and Tourancheau, Bernard and Roux, Jean-Jacques},
    journal={Computers \& Mathematics with Applications},
    year={2011},
    publisher={Elsevier}
}

@article{obrecht2011thelma,
    title={The TheLMA project: Multi-GPU implementation of the lattice Boltzmann method},
    author={Obrecht, Christian and Kuznik, Fr{\'e}d{\'e}ric and Tourancheau, Bernard and Roux, Jean-Jacques},
    journal={International Journal of High Performance Computing Applications},
    volume={25},
    number={3},
    pages={295--303},
    year={2011},
    publisher={SAGE Publications}
}

@article{xiong2012efficient,
    title={Efficient parallel implementation of the lattice Boltzmann method on large clusters of graphic processing units},
    author={Xiong, QinGang and Li, Bo and Xu, Ji and Fang, XiaoJian and Wang, XiaoWei and Wang, LiMin and He, XianFeng and Ge, Wei},
    journal={Chinese Science Bulletin},
    volume={57},
    number={7},
    pages={707--715},
    year={2012},
    publisher={Springer}
}

@article{xiong2012large,
    title={Large-scale DNS of gas--solid flows on Mole-8.5},
    author={Xiong, Qingang and Li, Bo and Zhou, Guofeng and Fang, Xiaojian and Xu, Ji and Wang, Junwu and He, Xianfeng and Wang, Xiaowei and Wang, Limin and Ge, Wei and others},
    journal={Chemical Engineering Science},
    volume={71},
    pages={422--430},
    year={2012},
    publisher={Elsevier}
}

@inproceedings{ren2010optimization,
    title={Optimization and Implementation of LBM benchmark on Multithreaded GPU},
    author={Ren, Xiaoguang and Tang, Yuhua and Wang, Guibin and Tang, Tao and Fang, Xudong},
    booktitle={Data Storage and Data Engineering (DSDE), 2010 International Conference on},
    pages={116--122},
    year={2010},
    organization={IEEE}
}

@article{habich2008performance,
    title={Performance evaluation of numeric compute kernels on nvidia gpus},
    author={Habich, Johannes},
    journal={Master's Thesis, University of Erlangen-Nurnberg},
    year={2008}
}

@article{huang2011,
    author = {黄昌盛， 张文欢， 侯志敏， 陈俊辉， 李明晶， 何南忠， 施保昌},
    title = {基于CUDA 的格子Boltzmann 方法: 算法设计与程序优化},
    publisher = {科学通报},
    year = {2011},
    journal = {科学通报},
    volume = {56},
    number = {28-29},
    eid = {2434},
    numpages = {10},
    pages = {2434},
    keywords = {<p>格子Boltzmann 方法;CUDA;并行计算;GPU;优化</p>},
    url = {http://csb.scichina.com:8080/kxtb/CN/abstract/article_505018.shtml},
    doi = {10.1360/972011-1078}
}    

@article{aksnesporous,
    title={Porous Rock Simulations and Lattice Boltzmann on GPUs},
    author={AKSNES, Eirik O and ELSTER, Anne C},
    publisher={Citeseer}
}

@phdthesis{aksnes2009simulation,
    title={Simulation of fluid flow through porous rocks on modern GPUs},
    author={Aksnes, Eirik Ola},
    year={2009},
    school={Norwegian University of Science and Technology}
}

@article{tolke2010computer,
    title={Computer simulations of fluid flow in sediment: From images to permeability},
    author={T{\"o}lke, Jonas and Baldwin, Chuck and Mu, Yaoming and Derzhi, Naum and Fang, Qian and Grader, Avrami and Dvorkin, Jack},
    journal={The leading edge},
    volume={29},
    number={1},
    pages={68--74},
    year={2010},
    publisher={Society of Exploration Geophysicists}
}

@inproceedings{rosales2011multiphase,
    title={Multiphase LBM Distributed over Multiple GPUs},
    author={Rosales, Carlos},
    booktitle={Cluster Computing (CLUSTER), 2011 IEEE International Conference on},
    pages={1--7},
    year={2011},
    organization={IEEE}
}

@article{redapangu2012multiphase,
    title={Multiphase lattice Boltzmann simulations of buoyancy-induced flow of two immiscible fluids with different viscosities},
    author={Redapangu, Prasanna R and Vanka, SP and Sahu, Kirti Chandra},
    journal={European Journal of Mechanics-B/Fluids},
    volume={34},
    pages={105--114},
    year={2012},
    publisher={Elsevier}
}

@article{myre2011performance,
    title={Performance analysis of single-phase, multiphase, and multicomponent lattice-Boltzmann fluid flow simulations on GPU clusters},
    author={Myre, J and Walsh, SDC and Lilja, D and Saar, MO},
    journal={Concurrency and Computation: Practice and Experience},
    volume={23},
    number={4},
    pages={332--350},
    year={2011},
    publisher={Wiley Online Library}
}

@ARTICLE{2011AGUFMIN,
    author = {{Toelke}, J. and {De Prisco}, G. and {Mu}, Y.},
    title = "{Lattice Boltzmann multi-phase simulations in porous media using Multiple GPUs}",
    journal = {AGU Fall Meeting Abstracts},
    keywords = {[1859] HYDROLOGY / Rocks: physical properties, [1932] INFORMATICS / High-performance computing},
    year = 2011,
    month = dec,
    pages = {D8},
    adsurl = {http://adsabs.harvard.edu/abs/2011AGUFMIN11D..08T},
    adsnote = {Provided by the SAO/NASA Astrophysics Data System}
}

@ARTICLE{2009AGUFM,
    author = {{Walsh}, S.~D. and {Myre}, J. and {Saar}, M.~O. and {Lilja}, D.  },
    title = "{Multi-GPU, Multi-core, Multi-phase Lattice-Boltzmann Simulations of Fluid Flow for the Geosciences}",
    journal = {AGU Fall Meeting Abstracts},
    keywords = {[0535] COMPUTATIONAL GEOPHYSICS / Hardware solutions, [1847] HYDROLOGY / Modeling, [1932] INFORMATICS / High-performance computing},
    year = 2009,
    month = dec,
    pages = {D983},
    adsurl = {http://adsabs.harvard.edu/abs/2009AGUFM.H23D0983W},
    adsnote = {Provided by the SAO/NASA Astrophysics Data System}
}

@article{gunstensen1991lattice,
  title={Lattice Boltzmann model of immiscible fluids},
  author={Gunstensen, Andrew K and Rothman, Daniel H and Zaleski, St{\'e}phane and Zanetti, Gianluigi},
  journal={Physical Review A},
  volume={43},
  number={8},
  pages={4320},
  year={1991},
  publisher={APS}
}

@article{d2002multiple,
  title={Multiple--relaxation--time lattice Boltzmann models in three dimensions},
  author={d'Humi{\`e}res, Dominique},
  journal={Philosophical Transactions of the Royal Society of London. Series A: Mathematical, Physical and Engineering Sciences},
  volume={360},
  number={1792},
  pages={437--451},
  year={2002},
  publisher={The Royal Society}
}

@article{pan2006evaluation,
  title={An evaluation of lattice Boltzmann schemes for porous medium flow simulation},
  author={Pan, Chongxun and Luo, Li-Shi and Miller, Cass T},
  journal={Computers \& fluids},
  volume={35},
  number={8},
  pages={898--909},
  year={2006},
  publisher={Elsevier}
}

@article{guo2002extrapolation,
  title={An extrapolation method for boundary conditions in lattice Boltzmann method},
  author={Guo, Zhaoli and Zheng, Chuguang and Shi, Baochang},
  journal={Physics of Fluids},
  volume={14},
  pages={2007},
  year={2002}
}

@book{guoredbook,
  title={格子Boltzmann方法的原理及应用},
  author={郭照立，郑楚光},
  publisher={科学出版社},
  address={武汉},
  year={2009}
}

@ARTICLE{sc93,
  author = {Shan, Xiaowen and Chen, Hudong},
  title = {Lattice Boltzmann model for simulating flows with multiple phases
	and components},
  journal = {Phys. Rev. E},
  year = {1993},
  volume = {47},
  pages = {1815--1819},
  category = {multi_phase},
  doi = {10.1103/PhysRevE.47.1815}
}

@article{porter2012multicomponent,
  title={Multicomponent interparticle-potential lattice Boltzmann model for fluids with large viscosity ratios},
  author={Porter, Mark L and Coon, ET and Kang, Q and Moulton, JD and Carey, JW},
  journal={Physical Review E},
  volume={86},
  number={3},
  pages={036701},
  year={2012},
  publisher={APS}
}

@book{zhangshu,
  title={GPU高性能计算之CUDA},
  author={张舒，褚艳利},
  publisher={中国水电出版社},
  address={北京},
  year={2009}
}

@article{wellein2006single,
  title={On the single processor performance of simple lattice Boltzmann kernels},
  author={Wellein, Gerhard and Zeiser, Thomas and Hager, Georg and Donath, Stefan},
  journal={Computers \& Fluids},
  volume={35},
  number={8},
  pages={910--919},
  year={2006},
  publisher={Elsevier}
}

@article{ghia1982high,
  title={High-Re solutions for incompressible flow using the Navier-Stokes equations and a multigrid method},
  author={Ghia, U and Ghia, KN and Shin, CT},
  journal={Journal of computational physics},
  volume={48},
  number={3},
  pages={387--411},
  year={1982},
  publisher={Elsevier}
}

@article{obrecht2011new,
  title={A new approach to the lattice Boltzmann method for graphics processing units},
  author={Obrecht, Christian and Kuznik, Fr{\'e}d{\'e}ric and Tourancheau, Bernard and Roux, Jean-Jacques},
  journal={Computers \& Mathematics with Applications},
  volume={61},
  number={12},
  pages={3628--3638},
  year={2011},
  publisher={Elsevier}
}

@article{pan2004high,
  title={A high-performance lattice Boltzmann implementation to model flow in porous media},
  author={Pan, Chongxun and Prins, Jan F and Miller, Cass T},
  journal={Computer Physics Communications},
  volume={158},
  number={2},
  pages={89--105},
  year={2004},
  publisher={Elsevier}
}

@article{sangani1982slow,
  title={Slow flow through a periodic array of spheres},
  author={Sangani, AS and Acrivos, A},
  journal={International Journal of Multiphase Flow},
  volume={8},
  number={4},
  pages={343--360},
  year={1982},
  publisher={Elsevier}
}

@article{luo1998unified,
  title={Unified theory of lattice Boltzmann models for nonideal gases},
  author={Luo, Li-Shi},
  journal={Physical review letters},
  volume={81},
  number={8},
  pages={1618--1621},
  year={1998},
  publisher={APS}
}

@article{pan2004lattice,
  title={Lattice-Boltzmann simulation of two-phase flow in porous media},
  author={Pan, C and Hilpert, M and Miller, CT},
  journal={Water Resources Research},
  volume={40},
  number={1},
  year={2004},
  publisher={Wiley Online Library}
}

@article{qian1992lattice,
  title={Lattice BGK models for Navier-Stokes equation},
  author={Qian, YH and d'Humieres, D and Lallemand, P},
  journal={EPL (Europhysics Letters)},
  volume={17},
  number={6},
  pages={479},
  year={1992},
  publisher={IOP Publishing}
}
